<zs:record><zs:recordSchema>marcxml</zs:recordSchema><zs:recordPacking>xml</zs:recordPacking><zs:recordData><record xmlns="http://www.loc.gov/MARC21/slim">
  <leader>01213cgm a22002655a 4500</leader>
  <controlfield tag="001">12736079</controlfield>
  <controlfield tag="005">20150511081249.0</controlfield>
  <controlfield tag="007">v||||||||</controlfield>
  <controlfield tag="008">020410s1999    xxu---            v|eng  </controlfield>
  <datafield tag="906" ind1=" " ind2=" ">
    <subfield code="a">0</subfield>
    <subfield code="b">cbc</subfield>
    <subfield code="c">orignew</subfield>
    <subfield code="d">u</subfield>
    <subfield code="e">ncip</subfield>
    <subfield code="f">20</subfield>
    <subfield code="g">y-movingim</subfield>
  </datafield>
  <datafield tag="010" ind1=" " ind2=" ">
    <subfield code="a">  2001643734</subfield>
  </datafield>
  <datafield tag="017" ind1=" " ind2=" ">
    <subfield code="a">PA956-290</subfield>
    <subfield code="b">U.S. Copyright Office</subfield>
  </datafield>
  <datafield tag="040" ind1=" " ind2=" ">
    <subfield code="a">DLC</subfield>
    <subfield code="c">DLC</subfield>
    <subfield code="e">amim</subfield>
    <subfield code="d">DLC</subfield>
  </datafield>
  <datafield tag="050" ind1="0" ind2="0">
    <subfield code="a">CGC 9064-9069 (viewing print)</subfield>
  </datafield>
  <datafield tag="245" ind1="0" ind2="0">
    <subfield code="a">Arlington road /</subfield>
    <subfield code="c">a Glorai/Samuelson production presents, Polygram Filmed Entertainment production in association with Lakeshore Entertainment ; directed by Mark Pellington ; written by Ehrre Kruger.</subfield>
  </datafield>
  <datafield tag="257" ind1=" " ind2=" ">
    <subfield code="a">United States.</subfield>
  </datafield>
  <datafield tag="260" ind1=" " ind2=" ">
    <subfield code="c">1999.</subfield>
  </datafield>
  <datafield tag="300" ind1=" " ind2=" ">
    <subfield code="a">12 film reels of 12 on 6 :</subfield>
    <subfield code="b">sd., col. ;</subfield>
    <subfield code="c">35 mm.</subfield>
    <subfield code="3">viewing print.</subfield>
  </datafield>
  <datafield tag="500" ind1=" " ind2=" ">
    <subfield code="a">Copyright: Lakeshore Entertainment Corporation. DCR 1998; PUB 9Jul99; REG 4Oct99; PA 956-290.</subfield>
  </datafield>
  <datafield tag="500" ind1=" " ind2=" ">
    <subfield code="a">Sources used: copyright database and Internet Movie Database, Ltd., 1990-2001.</subfield>
  </datafield>
  <datafield tag="541" ind1=" " ind2=" ">
    <subfield code="d">Received: 11/16/99 ;</subfield>
    <subfield code="3">viewing print;</subfield>
    <subfield code="c">copyright deposit--MPA</subfield>
    <subfield code="a">Copyright Collection.</subfield>
  </datafield>
  <datafield tag="655" ind1=" " ind2="7">
    <subfield code="a">Thrillers (Motion pictures)</subfield>
    <subfield code="2">lcgft</subfield>
  </datafield>
  <datafield tag="655" ind1=" " ind2="7">
    <subfield code="a">Feature films.</subfield>
    <subfield code="2">lcgft</subfield>
  </datafield>
  <datafield tag="655" ind1=" " ind2="7">
    <subfield code="a">Fiction films.</subfield>
    <subfield code="2">lcgft</subfield>
  </datafield>
  <datafield tag="710" ind1="2" ind2=" ">
    <subfield code="a">Copyright Collection (Library of Congress)</subfield>
    <subfield code="5">DLC</subfield>
  </datafield>
</record></zs:recordData><zs:recordPosition>7</zs:recordPosition></zs:record>