<zs:record><zs:recordSchema>marcxml</zs:recordSchema><zs:recordPacking>xml</zs:recordPacking><zs:recordData><record xmlns="http://www.loc.gov/MARC21/slim">
  <leader>08413cam a22006857i 4500</leader>
  <controlfield tag="001">20162356</controlfield>
  <controlfield tag="005">20200310211852.0</controlfield>
  <controlfield tag="008">171201t20182018iluab  e bc   001 0 eng d</controlfield>
  <datafield tag="906" ind1=" " ind2=" ">
    <subfield code="a">7</subfield>
    <subfield code="b">cbc</subfield>
    <subfield code="c">copycat</subfield>
    <subfield code="d">2</subfield>
    <subfield code="e">epcn</subfield>
    <subfield code="f">20</subfield>
    <subfield code="g">y-gencatlg</subfield>
  </datafield>
  <datafield tag="925" ind1="0" ind2=" ">
    <subfield code="a">acquire</subfield>
    <subfield code="b">2 shelf copies</subfield>
    <subfield code="x">Sel/trr, 2019-02-21</subfield>
  </datafield>
  <datafield tag="955" ind1=" " ind2=" ">
    <subfield code="b">rk06 2020-03-07 z-processor</subfield>
  </datafield>
  <datafield tag="955" ind1=" " ind2=" ">
    <subfield code="a">pc24 2017-12-01</subfield>
    <subfield code="a">xn16 2019-04-04 1 copy rec'd., to USASH</subfield>
    <subfield code="i">rk06 2020-03-10 to BCCD</subfield>
  </datafield>
  <datafield tag="010" ind1=" " ind2=" ">
    <subfield code="a">  2017962731</subfield>
  </datafield>
  <datafield tag="015" ind1=" " ind2=" ">
    <subfield code="a">GBB9B1993</subfield>
    <subfield code="2">bnb</subfield>
  </datafield>
  <datafield tag="016" ind1="7" ind2=" ">
    <subfield code="a">019305984</subfield>
    <subfield code="2">Uk</subfield>
  </datafield>
  <datafield tag="020" ind1=" " ind2=" ">
    <subfield code="a">0300229933</subfield>
  </datafield>
  <datafield tag="020" ind1=" " ind2=" ">
    <subfield code="a">9780300229936</subfield>
    <subfield code="q">(hardcover)</subfield>
  </datafield>
  <datafield tag="035" ind1=" " ind2=" ">
    <subfield code="a">(OCoLC)on1028905982</subfield>
  </datafield>
  <datafield tag="037" ind1=" " ind2=" ">
    <subfield code="a">W000213</subfield>
  </datafield>
  <datafield tag="040" ind1=" " ind2=" ">
    <subfield code="a">YDX</subfield>
    <subfield code="b">eng</subfield>
    <subfield code="c">YDX</subfield>
    <subfield code="e">rda</subfield>
    <subfield code="d">GP5</subfield>
    <subfield code="d">BDX</subfield>
    <subfield code="d">CUV</subfield>
    <subfield code="d">UPM</subfield>
    <subfield code="d">CGP</subfield>
    <subfield code="d">OCLCF</subfield>
    <subfield code="d">YDX</subfield>
    <subfield code="d">CAM</subfield>
    <subfield code="d">CHVBK</subfield>
    <subfield code="d">NRC</subfield>
    <subfield code="d">OCLCO</subfield>
    <subfield code="d">PAU</subfield>
    <subfield code="d">OCLCQ</subfield>
    <subfield code="d">ZCU</subfield>
    <subfield code="d">ZPP</subfield>
    <subfield code="d">TFW</subfield>
    <subfield code="d">ZWZ</subfield>
    <subfield code="d">OCLCO</subfield>
    <subfield code="d">JZ2</subfield>
    <subfield code="d">JSZ</subfield>
    <subfield code="d">IAK</subfield>
    <subfield code="d">AU@</subfield>
    <subfield code="d">OCLCO</subfield>
    <subfield code="d">LMR</subfield>
    <subfield code="d">IUL</subfield>
    <subfield code="d">OCLCO</subfield>
    <subfield code="d">OCLCA</subfield>
    <subfield code="d">YOU</subfield>
    <subfield code="d">NZAUC</subfield>
    <subfield code="d">LD4</subfield>
    <subfield code="d">BP1</subfield>
    <subfield code="d">UKMGB</subfield>
    <subfield code="d">OCLCQ</subfield>
    <subfield code="d">OCLCO</subfield>
    <subfield code="d">OCLCA</subfield>
    <subfield code="d">DLC</subfield>
  </datafield>
  <datafield tag="042" ind1=" " ind2=" ">
    <subfield code="a">lccopycat</subfield>
  </datafield>
  <datafield tag="043" ind1=" " ind2=" ">
    <subfield code="a">n-us-il</subfield>
  </datafield>
  <datafield tag="050" ind1="0" ind2="0">
    <subfield code="a">N6494.A7</subfield>
    <subfield code="b">A6245 2018</subfield>
  </datafield>
  <datafield tag="082" ind1="0" ind2="4">
    <subfield code="a">709.04/0120977311</subfield>
    <subfield code="2">23</subfield>
  </datafield>
  <datafield tag="245" ind1="0" ind2="0">
    <subfield code="a">Art Deco Chicago :</subfield>
    <subfield code="b">designing modern America /</subfield>
    <subfield code="c">edited by Robert Bruegmann.</subfield>
  </datafield>
  <datafield tag="264" ind1=" " ind2="1">
    <subfield code="a">Chicago, Illinois :</subfield>
    <subfield code="b">Chicago Art Deco Society,</subfield>
    <subfield code="c">[2018]</subfield>
  </datafield>
  <datafield tag="264" ind1=" " ind2="2">
    <subfield code="a">New Haven, CT :</subfield>
    <subfield code="b">Distributed by Yale University Press</subfield>
  </datafield>
  <datafield tag="264" ind1=" " ind2="4">
    <subfield code="c">&#xA9;2018</subfield>
  </datafield>
  <datafield tag="300" ind1=" " ind2=" ">
    <subfield code="a">383 pages :</subfield>
    <subfield code="b">illustrations (some color), color maps ;</subfield>
    <subfield code="c">31 cm</subfield>
  </datafield>
  <datafield tag="336" ind1=" " ind2=" ">
    <subfield code="a">text</subfield>
    <subfield code="b">txt</subfield>
    <subfield code="2">rdacontent</subfield>
  </datafield>
  <datafield tag="336" ind1=" " ind2=" ">
    <subfield code="a">still image</subfield>
    <subfield code="b">sti</subfield>
    <subfield code="2">rdacontent</subfield>
  </datafield>
  <datafield tag="336" ind1=" " ind2=" ">
    <subfield code="a">cartographic image</subfield>
    <subfield code="b">cri</subfield>
    <subfield code="2">rdacontent</subfield>
  </datafield>
  <datafield tag="337" ind1=" " ind2=" ">
    <subfield code="a">unmediated</subfield>
    <subfield code="b">n</subfield>
    <subfield code="2">rdamedia</subfield>
  </datafield>
  <datafield tag="338" ind1=" " ind2=" ">
    <subfield code="a">volume</subfield>
    <subfield code="b">nc</subfield>
    <subfield code="2">rdacarrier</subfield>
  </datafield>
  <datafield tag="500" ind1=" " ind2=" ">
    <subfield code="a">"This volume serves as the companion publication to the exhibition Modern by Design: Chicago Streamlines America organized by the Chicago History Museum, October 27, 2018--December 2, 2019"--Title page verso.</subfield>
  </datafield>
  <datafield tag="504" ind1=" " ind2=" ">
    <subfield code="a">Includes bibliographical references (pages 338-370) and index.</subfield>
  </datafield>
  <datafield tag="520" ind1=" " ind2=" ">
    <subfield code="a">An expansive take on American Art Deco that explores Chicago's pivotal role in developing the architecture, graphic design, and product design that came to define middle-class style in the 20th century --Publisher</subfield>
  </datafield>
  <datafield tag="505" ind1="0" ind2=" ">
    <subfield code="a">Preface / Joseph Loundy -- Foreword / Gary Johnson -- Introduction / Robert Bruegmann -- Essays. Capital of mainstream Modernism / Robert Bruegmann ; Chicago designs for America / Jonathan Mekinda ; Chicago encounters Art Deco / Teri J. Edelstein ; A century of progress / Lisa D. Schrenk ; Decomania, the paths to an enthusiasm / Neil Harris</subfield>
  </datafield>
  <datafield tag="505" ind1="8" ind2=" ">
    <subfield code="a">Designs. Key 101 designs. 1914: Midway Gardens / Paul Kruty -- 1915: Field's wardrobe trunk advertisement / Tim Samuelson -- 1920: Erte costume design for opera Zaza / Teri J. Edelstein -- 1922: Reebie storage warehouse / Patrick Steffes -- 1923: Field's shop window / Lara Allison -- 1925: St. Thomas the Apostle Church / Vincent L. Michael -- 1926: Blum's Vogue engagement dress / Virginia Heaven -- 1927: Clow House, Lake Forest / Susan S. Benjamin ; Skyscraper furniture suite / Sharon S. Darling ; Luxor Krasny cosmetics advertisement / Stefan Osdene ; Hull-House pottery / Cheryl R. Ganz --1928: Popular Mechanics / Lara Allison ; Chicago Motor Club Building / Jean L. Guarino ; The Chicagoan / Neil Harris ; Kuppenheimer advertisement / Virginia Heaven ; Centaurs : Hamill Estate, Lake Forest / Arthur H. Miller ; 333 North Michigan Avenue / Kathleen Murphy ; Skolnik Pickwick Theatre, Park Ridge / Kathleen Murphy Skolnik ; Tavern Club / Kathleen Murphy Skolnik -- 1929: The Powhatan / Teri J. Edelstein ; Carbide and Carbon Building / Jean L. Guarino ; Civic Opera Building / Jean L. Guarino ; Palmolive Building / Jean L. Guarino ; Woman's Athletic Club / Celia Hilliard ; Ward's mail order catalog / Scott Jorgenson ; Hotpoint toaster / William E. Meehan Jr. ; Chicago Daily News Building / Gregory Saliola ; Michigan Square Building / Kathleen Murphy Skolnik ; 55th Ritz Garage / Patrick Steffes ; Marhsall Field's Evanston / Patrick Steffes -- 1930: Lakeside Press Moby Dick / Lara Allison ; Adler Planetarium / Julia S. Bachrach ; 1301 North Astor Street / Teri J. Edelstein ; Merchandise Mart / Jean L. Guarino ; Inland Steel Office Building, East Chicago / Jacob Kaplan ; Glasner Studio / Patrick Steffes ; Chicago Board of Trade Building / Richard Guy Wilson ; Ludlow typefaces / Lara Allison ; Parisienne watches / Lance Lagoni and William Briska ; Elgin compact cases / Howard W. Melton and Richard W. Renner ; Gloria deluxe accordion / Ruth K. Meyer with Keith Bringe ; Hostess twinkie / Maggie Taft -- 1931: Grant Park axis / Julia S. Bachrach ; Chicago Bee Building / Leslie Coburn ; Field's fashions of the hour / Neil Harris ; Hammond Gregory calendar clock / William E. Meehan Jr. ; Grein Funeral Directors / Patrick Steffes -- 1932: Wrigley billboard / Lara Allison ; Chez Paree / Jean L. Guarino ; Morse House, Lake Forest / Lisa Napoles -- 1933: Chrysler Motors Pavilion / Gregory Saliola ; Coca-Cola Company exhibit / William E. Meehan Jr. ; Mills slot machine / Ruth K. Meyer with Keith Bringe -- 1934: Burlington Zephyr / Dennis McClendon ; Radio Flyer Streak-O-Lite Wagon / Victoria Matranga ; Field Building / Jean L. Guarino ; Automatic electric telephone / William E. Meehan Jr. ; Bloom Township High School, Chicago Heights / Lisa Napoles ; Dulany ice bucket / Monica Obniski ; Zenith stratosphere radio / Stefan Osdene ; Brookfield Zoo / Carla W. Owens ; Orange Garden Chinese Restaurant / Stefan Osdene -- 1935: Darius and Girenas Memorial / Julia S. Bachrach ; Howell chromsteel refreshment cart / Sharon S. Darling -- 1936: U.S. Post Office, Roseland / Leslie Coburn ; North Ashland Avenue Bridge / Patrick T. McBriarty ; Sears silvertone streamliner radio / William E. Meehan Jr. ; Lake Theatre, Oak Park / Lisa Napoles ; Campana Factory, Batavia / Lisa Napoles ; Crane Neuvogue toilet fixtures / Stefan Osdene ; Edgar T. Ward air circulator fan / Stefan Osdene -- 1937: Container Corporation advertisement / Lara Allison ; Commercial Building / Ruth K. Meyer with Keith Bringe ; Vitrolite catalog illustration / Patrick Steffes ; Wieboldt's River Forest / Patrick Steffes ; Fisher Studio houses / Terry Tatum -- 1938: Sunbeam coffeemaster / Victoria Matranga ; Trylon penny scale / Ruth K. Meyer ; Zenith radio nurse / Monica Obniski ; International Harvester Jungle Yacht / Stefan Osdene ; Esquire Theatre / Kathleen Murphy Skolnik ; Three PWA Housing Projects / Alison Fisher ; Animal Court sculptures / Leslie Coburn -- 1939: 27 Chicago Designers / Lara Allison ; WPA posters / Neil Harris ; Unidyne microphone / Victoria Matranga ; Sunbeam mixmaster / William E. Meehan Jr. ; Rock-Ola stardust jukebox / Ruth K. Meyer ; Motorola S-Grille radio / Stefan Osdene ; Sears Craftsman air compressor / Stefan Osdene ; First Church of Deliverance / Kathleen Murphy Skolnik and Diane Gonzalez ; Madonna Delia Strada Chapel / Terry Tatum -- 1940: American Negro Exposition Program / Lara Allison ; St. Charles Municipal Building / Lisa Napoles ; Fred Harvey Crossroads Room / Patrick Steffes -- 1941: Lake Shore Drive / Dennis McClendon ; Haeger pottery panther / Maggie Taft -- 1942: Searle Labs, Skokie / Lisa Napoles -- 1947: Chicago Municipal Airport Terminal / Dennis McClendon -- 1948: Tucker 48 automobile / Stefan Osdene -- 1949: Schwinn Phantom bicycle / Stefan Osdene.</subfield>
  </datafield>
  <datafield tag="650" ind1=" " ind2="0">
    <subfield code="a">Art deco</subfield>
    <subfield code="z">Illinois</subfield>
    <subfield code="z">Chicago</subfield>
    <subfield code="v">Exhibitions.</subfield>
  </datafield>
  <datafield tag="650" ind1=" " ind2="0">
    <subfield code="a">Art deco (Architecture)</subfield>
    <subfield code="z">Illinois</subfield>
    <subfield code="z">Chicago</subfield>
    <subfield code="v">Exhibitions.</subfield>
  </datafield>
  <datafield tag="650" ind1=" " ind2="0">
    <subfield code="a">Design</subfield>
    <subfield code="z">Illinois</subfield>
    <subfield code="z">Chicago</subfield>
    <subfield code="x">History</subfield>
    <subfield code="v">Exhibitions.</subfield>
  </datafield>
  <datafield tag="651" ind1=" " ind2="0">
    <subfield code="a">Chicago (Ill.)</subfield>
    <subfield code="x">Buildings, structures, etc.</subfield>
    <subfield code="v">Exhibitions.</subfield>
  </datafield>
  <datafield tag="650" ind1=" " ind2="7">
    <subfield code="a">Art deco.</subfield>
    <subfield code="2">fast</subfield>
    <subfield code="0">(OCoLC)fst00815521</subfield>
  </datafield>
  <datafield tag="650" ind1=" " ind2="7">
    <subfield code="a">Art deco (Architecture)</subfield>
    <subfield code="2">fast</subfield>
    <subfield code="0">(OCoLC)fst00815527</subfield>
  </datafield>
  <datafield tag="650" ind1=" " ind2="7">
    <subfield code="a">Buildings.</subfield>
    <subfield code="2">fast</subfield>
    <subfield code="0">(OCoLC)fst00840962</subfield>
  </datafield>
  <datafield tag="650" ind1=" " ind2="7">
    <subfield code="a">Design.</subfield>
    <subfield code="2">fast</subfield>
    <subfield code="0">(OCoLC)fst00891253</subfield>
  </datafield>
  <datafield tag="651" ind1=" " ind2="7">
    <subfield code="a">Illinois</subfield>
    <subfield code="z">Chicago.</subfield>
    <subfield code="2">fast</subfield>
    <subfield code="0">(OCoLC)fst01204048</subfield>
  </datafield>
  <datafield tag="655" ind1=" " ind2="7">
    <subfield code="a">Exhibition catalogs.</subfield>
    <subfield code="2">fast</subfield>
    <subfield code="0">(OCoLC)fst01424028</subfield>
  </datafield>
  <datafield tag="655" ind1=" " ind2="7">
    <subfield code="a">History.</subfield>
    <subfield code="2">fast</subfield>
    <subfield code="0">(OCoLC)fst01411628</subfield>
  </datafield>
  <datafield tag="630" ind1="0" ind2="7">
    <subfield code="a">Design</subfield>
    <subfield code="f">2016</subfield>
    <subfield code="2">gnd</subfield>
  </datafield>
  <datafield tag="610" ind1="2" ind2="7">
    <subfield code="a">Chicago</subfield>
    <subfield code="g">Ill.</subfield>
    <subfield code="2">gnd</subfield>
  </datafield>
  <datafield tag="650" ind1=" " ind2="7">
    <subfield code="a">Architektur</subfield>
    <subfield code="2">gnd</subfield>
  </datafield>
  <datafield tag="650" ind1=" " ind2="7">
    <subfield code="a">Art De&#x301;co</subfield>
    <subfield code="2">gnd</subfield>
  </datafield>
  <datafield tag="655" ind1=" " ind2="7">
    <subfield code="a">Exhibition catalogs.</subfield>
    <subfield code="2">lcgft</subfield>
  </datafield>
  <datafield tag="650" ind1=" " ind2="7">
    <subfield code="a">Art de&#x301;co (architecture)</subfield>
    <subfield code="z">E&#x301;tats-Unis</subfield>
    <subfield code="z">Chicago (Ill.)</subfield>
    <subfield code="x">Catalogues d'exposition.</subfield>
    <subfield code="2">ram</subfield>
  </datafield>
  <datafield tag="700" ind1="1" ind2=" ">
    <subfield code="a">Bruegmann, Robert,</subfield>
    <subfield code="e">editor.</subfield>
  </datafield>
  <datafield tag="710" ind1="2" ind2=" ">
    <subfield code="a">Chicago Art Deco Society,</subfield>
    <subfield code="e">publisher.</subfield>
  </datafield>
  <datafield tag="710" ind1="2" ind2=" ">
    <subfield code="a">Chicago History Museum,</subfield>
    <subfield code="e">host institution.</subfield>
  </datafield>
  <datafield tag="740" ind1="0" ind2=" ">
    <subfield code="a">Modern by design, Chicago streamlines America.</subfield>
  </datafield>
</record></zs:recordData><zs:recordPosition>8</zs:recordPosition></zs:record>