<zs:record><zs:recordSchema>marcxml</zs:recordSchema><zs:recordPacking>xml</zs:recordPacking><zs:recordData><record xmlns="http://www.loc.gov/MARC21/slim">
  <leader>09406cam a22004697i 4500</leader>
  <controlfield tag="001">21067007</controlfield>
  <controlfield tag="005">20210714075949.0</controlfield>
  <controlfield tag="008">190710t20192019enka     b    001 0 eng d</controlfield>
  <datafield tag="906" ind1=" " ind2=" ">
    <subfield code="a">7</subfield>
    <subfield code="b">cbc</subfield>
    <subfield code="c">copycat</subfield>
    <subfield code="d">2</subfield>
    <subfield code="e">ncip</subfield>
    <subfield code="f">20</subfield>
    <subfield code="g">y-gencatlg</subfield>
  </datafield>
  <datafield tag="925" ind1="0" ind2=" ">
    <subfield code="a">acquire</subfield>
    <subfield code="b">1 shelf copy</subfield>
    <subfield code="x">policy default</subfield>
  </datafield>
  <datafield tag="955" ind1=" " ind2=" ">
    <subfield code="b">rl02 2019-07-10 z-processor</subfield>
    <subfield code="i">rl02 2019-07-26 to BCCD</subfield>
  </datafield>
  <datafield tag="010" ind1=" " ind2=" ">
    <subfield code="a">  2019301181</subfield>
  </datafield>
  <datafield tag="020" ind1=" " ind2=" ">
    <subfield code="a">9780128154809</subfield>
    <subfield code="q">(paperback)</subfield>
  </datafield>
  <datafield tag="020" ind1=" " ind2=" ">
    <subfield code="a">0128154802</subfield>
    <subfield code="q">(paperback)</subfield>
  </datafield>
  <datafield tag="035" ind1=" " ind2=" ">
    <subfield code="a">(OCoLC)on1013727193</subfield>
  </datafield>
  <datafield tag="040" ind1=" " ind2=" ">
    <subfield code="a">YDX</subfield>
    <subfield code="b">eng</subfield>
    <subfield code="c">YDX</subfield>
    <subfield code="e">rda</subfield>
    <subfield code="d">OCLCQ</subfield>
    <subfield code="d">LTSCA</subfield>
    <subfield code="d">OCLCF</subfield>
    <subfield code="d">OBE</subfield>
    <subfield code="d">GYG</subfield>
    <subfield code="d">DLC</subfield>
  </datafield>
  <datafield tag="042" ind1=" " ind2=" ">
    <subfield code="a">lccopycat</subfield>
  </datafield>
  <datafield tag="050" ind1="0" ind2="0">
    <subfield code="a">Q335</subfield>
    <subfield code="b">.A78773 2019</subfield>
  </datafield>
  <datafield tag="082" ind1="0" ind2="4">
    <subfield code="a">006.3</subfield>
    <subfield code="2">23</subfield>
  </datafield>
  <datafield tag="245" ind1="0" ind2="0">
    <subfield code="a">Artificial intelligence in the age of neural networks and brain computing /</subfield>
    <subfield code="c">edited by Robert Kozma, University of Memphis, Department of Mathematics, Memphis, TN, United States, University of Massachusetts Amherst, Department of Computer Science, Amherst, MA, United States, Cesare Alippi, Politecnicodi Milano, Milano, Italy, Universita&#x300; della Svizzera italiana, Lugano, Switzerland, Yoonsuck Choe, Samsung Research &amp; Texas A &amp; M University, College Station, TX, United States, Francesco Carlo Morbito, University Mediterranea of Reggio Calabria, Reggio Calabria, Italy.</subfield>
  </datafield>
  <datafield tag="264" ind1=" " ind2="1">
    <subfield code="a">London, United Kingdom ;</subfield>
    <subfield code="a">San Diego, CA, United States :</subfield>
    <subfield code="b">Academic Press, an imprint of Elsevier,</subfield>
    <subfield code="c">[2019]</subfield>
  </datafield>
  <datafield tag="264" ind1=" " ind2="4">
    <subfield code="c">&#xA9;2019</subfield>
  </datafield>
  <datafield tag="300" ind1=" " ind2=" ">
    <subfield code="a">xxv, 324 pages :</subfield>
    <subfield code="b">illustrations,</subfield>
    <subfield code="c">24 cm</subfield>
  </datafield>
  <datafield tag="336" ind1=" " ind2=" ">
    <subfield code="a">text</subfield>
    <subfield code="b">txt</subfield>
    <subfield code="2">rdacontent</subfield>
  </datafield>
  <datafield tag="337" ind1=" " ind2=" ">
    <subfield code="a">unmediated</subfield>
    <subfield code="b">n</subfield>
    <subfield code="2">rdamedia</subfield>
  </datafield>
  <datafield tag="338" ind1=" " ind2=" ">
    <subfield code="a">volume</subfield>
    <subfield code="b">nc</subfield>
    <subfield code="2">rdacarrier</subfield>
  </datafield>
  <datafield tag="385" ind1=" " ind2=" ">
    <subfield code="m">Occupation/field of activity group:</subfield>
    <subfield code="n">occ</subfield>
    <subfield code="a">Engineers</subfield>
    <subfield code="2">lcdgt</subfield>
  </datafield>
  <datafield tag="386" ind1=" " ind2=" ">
    <subfield code="m">Occupation/field of activity group:</subfield>
    <subfield code="n">occ</subfield>
    <subfield code="a">University and college faculty members</subfield>
    <subfield code="2">lcdgt</subfield>
  </datafield>
  <datafield tag="386" ind1=" " ind2=" ">
    <subfield code="a">Men</subfield>
    <subfield code="2">lcdgt</subfield>
  </datafield>
  <datafield tag="504" ind1=" " ind2=" ">
    <subfield code="a">Includes bibliographical references and index.</subfield>
  </datafield>
  <datafield tag="505" ind1="0" ind2="0">
    <subfield code="g">Chapter 1</subfield>
    <subfield code="t">Nature's learning rule: The Hebbian-LMS algorithm /</subfield>
    <subfield code="r">Bernard Widrow, Youngsik Kim, Dookun Park and Jose Krause Perin --</subfield>
    <subfield code="t">Introduction --</subfield>
    <subfield code="t">ADALINE and the LMS algorithm, From the 1950s --</subfield>
    <subfield code="t">Unsupervised learning with Adaline, From the 1960s --</subfield>
    <subfield code="t">Robert Lucky's adaptive equalization, From the 1960s --</subfield>
    <subfield code="t">Bootstrap learning with a Sigmoidal neuron --</subfield>
    <subfield code="t">Bookstrap learning with a more "Biologically correct" Sigmoidal neuron --</subfield>
    <subfield code="t">Other clustering algorithms --</subfield>
    <subfield code="t">A general Hebbian-LMS algorithm --</subfield>
    <subfield code="t">The synapse --</subfield>
    <subfield code="t">Postulates of synaptic plasticity --</subfield>
    <subfield code="t">The postulates and the Hebbian-LMS algorithm --</subfield>
    <subfield code="t">Nature's Hebbian-LMS algorithm --</subfield>
    <subfield code="t">Conclusion --</subfield>
    <subfield code="g">Chapter 2</subfield>
    <subfield code="t">A half century of progress toward a unified neural theory of mind and brain with applications to autonomous adaptive agents and mental disorders /</subfield>
    <subfield code="r">Stephen Grossberg --</subfield>
    <subfield code="t">Towards a unified theory of mind and brain --</subfield>
    <subfield code="t">A theoretical method for linking brain to mind: The method of minimal anatomies --</subfield>
    <subfield code="t">Revolutionary brain paradigms: Complementary computing and laminar computing --</subfield>
    <subfield code="t">The what and where cortical streams are complementary --</subfield>
    <subfield code="t">Adaptive resonance theory --</subfield>
    <subfield code="t">Vector associative maps for spatial representation and action --</subfield>
    <subfield code="t">Homologous laminar cortical circuits for all biological intelligence: Beyond Bayes --</subfield>
    <subfield code="t">Why a unified theory is possible: Equations, modules, and architectures --</subfield>
    <subfield code="t">All conscious states are resonant states --</subfield>
    <subfield code="t">The varieties of brain resonances and the conscious experiences that they support --</subfield>
    <subfield code="t">Why does resonance trigger consciousness? --</subfield>
    <subfield code="t">Towards autonomous adaptive intelligent agents and clinical therapies in society --</subfield>
    <subfield code="t">References --</subfield>
    <subfield code="g">Chapter 3</subfield>
    <subfield code="t">Third Gen AI as human experience based expert systems /</subfield>
    <subfield code="r">Harold Szu and the AI working group --</subfield>
    <subfield code="t">Introduction --</subfield>
    <subfield code="t">Third gen AI --</subfield>
    <subfield code="t">MFE gradient descent --</subfield>
    <subfield code="t">Conclusion --</subfield>
    <subfield code="g">4</subfield>
    <subfield code="t">The brain-mind-computer trichotomy: Hermeneutic approach /</subfield>
    <subfield code="r">Pe&#x301;ter E&#x301;rdi --</subfield>
    <subfield code="t">Dichotomies --</subfield>
    <subfield code="t">Hermeneutics --</subfield>
    <subfield code="t">Schizophrenia: A broken hermeneutic cycle --</subfield>
    <subfield code="t">Toward the algorithms of neural/mental hermeneutic interpretation --</subfield>
    <subfield code="g">Chapter 5</subfield>
    <subfield code="t">From synapses to ephapsis: Embodied cognition and wearable personal assistants / Roman Ormandy --</subfield>
    <subfield code="t">Neural networks and neural fields --</subfield>
    <subfield code="t">Ephapsis --</subfield>
    <subfield code="t">Embodied cognition --</subfield>
    <subfield code="t">Wearable personal assistants --</subfield>
    <subfield code="t">References --</subfield>
    <subfield code="g">Chapter 6</subfield>
    <subfield code="t">Evolving and spiking connectionist systems for brain-inspired artificial intelligence /</subfield>
    <subfield code="r">Nikola Kasabov --</subfield>
    <subfield code="t">From Aristotle's logic to artificial neural networks and hybrid systems --</subfield>
    <subfield code="t">Evolving connectionist systems (ECOS) --</subfield>
    <subfield code="t">Spiking neural networks (SNN) as brain-inspired ANN --</subfield>
    <subfield code="t">Brain-like AI systems based on SNN, NeuCube, deep learning algorithms --</subfield>
    <subfield code="t">Conclusion --</subfield>
    <subfield code="g">Chapter 7</subfield>
    <subfield code="t">Pitfalls and opportunities in the development and evaluation of artificial intelligence systems /</subfield>
    <subfield code="r">David G. Brown and Frank W. Samuelson --</subfield>
    <subfield code="t">Introduction --</subfield>
    <subfield code="t">AI development --</subfield>
    <subfield code="t">AI evaluation --</subfield>
    <subfield code="t">Variability and bias in our performance estimates --</subfield>
    <subfield code="t">Conclusion --</subfield>
    <subfield code="g">Chapter 8</subfield>
    <subfield code="t">The new AI: Basic concepts, urgent risks and opportunities in the Internet of Things /</subfield>
    <subfield code="r">Paulo J. Werbos --</subfield>
    <subfield code="t">Introduction and overview --</subfield>
    <subfield code="t">Brief history and foundations of the deep learning revolution --</subfield>
    <subfield code="t">From RNNs to mouse-level computational intelligence: Next big things and beyond --</subfield>
    <subfield code="t">Need for new directions in understanding brain and mind --</subfield>
    <subfield code="t">Information technology (IT) for human survival: An urgent unmet challenge --</subfield>
    <subfield code="t">References --</subfield>
    <subfield code="g">Chapter 9</subfield>
    <subfield code="t">Theory of the brain and mind: Visions and history /</subfield>
    <subfield code="r">Daniel S. Levine --</subfield>
    <subfield code="t">Early history --</subfield>
    <subfield code="t">Emergence of some neural network principles --</subfield>
    <subfield code="t">Neural networks enter mainstream science --</subfield>
    <subfield code="t">Is computational neuroscience separate from neural network theory? --</subfield>
    <subfield code="t">Discussion --</subfield>
    <subfield code="t">References --</subfield>
    <subfield code="g">Chapter 10</subfield>
    <subfield code="t">Computers versus brains: Game is over or more to come? /</subfield>
    <subfield code="r">Robert Kozma --</subfield>
    <subfield code="t">Introduction --</subfield>
    <subfield code="t">AI approaches --</subfield>
    <subfield code="t">Metastability in cognition and in brain dynamics --</subfield>
    <subfield code="t">Pragmatic implementation of complementarity for new AI --</subfield>
    <subfield code="t">Acknowledgments --</subfield>
    <subfield code="t">References --</subfield>
    <subfield code="g">Chapter 11</subfield>
    <subfield code="t">Deep learning apporaches to electrophysiological multivariate time-series analysis /</subfield>
    <subfield code="r">Francesco Carlo Morabito, Maurizio Campolo, Cosimo leracitano and Nadia Mammone --</subfield>
    <subfield code="t">Introduction --</subfield>
    <subfield code="t">The neural network approach --</subfield>
    <subfield code="t">Deep architectures and learning --</subfield>
    <subfield code="t">Electrophysiological time-series --</subfield>
    <subfield code="t">Deep learning models for EEG signal processing --</subfield>
    <subfield code="t">Future directions of research --</subfield>
    <subfield code="t">Conclusion --</subfield>
    <subfield code="t">Further reading --</subfield>
    <subfield code="g">Chapter 12</subfield>
    <subfield code="t">Computational intelligence in the time of cyber-physical systems and the Internet of Things /</subfield>
    <subfield code="r">Cesare Alippi and Seiichi Ozawa --</subfield>
    <subfield code="t">Introduction --</subfield>
    <subfield code="t">System architecture --</subfield>
    <subfield code="t">Energy harvesting and management --</subfield>
    <subfield code="t">Learning in nonstationary environments --</subfield>
    <subfield code="t">Model-free fault diagnosis systems --</subfield>
    <subfield code="t">Cybersecurity --</subfield>
    <subfield code="t">Conclusions --</subfield>
    <subfield code="t">Acknowledgments --</subfield>
    <subfield code="t">References --</subfield>
    <subfield code="g">Chapter 13</subfield>
    <subfield code="t">Multiview learning in biomedical applications /</subfield>
    <subfield code="r">Angela Serra, Paola Galdi and Roberto Tagliaferri --</subfield>
    <subfield code="t">Introduction --</subfield>
    <subfield code="t">Multiview learning --</subfield>
    <subfield code="t">Multiview learning in bioinformatics --</subfield>
    <subfield code="t">Multiview learning in neuroinformatics --</subfield>
    <subfield code="t">Deep multimodal feature learning --</subfield>
    <subfield code="t">Conclusions --</subfield>
    <subfield code="t">References --</subfield>
    <subfield code="g">Chapter 14</subfield>
    <subfield code="t">Meaning versus information, prediction versus memory, and question versus answer /</subfield>
    <subfield code="r">Yoonsuck Choe --</subfield>
    <subfield code="t">Introduction --</subfield>
    <subfield code="t">Meaning versus information --</subfield>
    <subfield code="t">Prediction versus memory --</subfield>
    <subfield code="t">Question versus answer --</subfield>
    <subfield code="t">Discussion --</subfield>
    <subfield code="t">Conclusion --</subfield>
    <subfield code="t">Acknowledgments --</subfield>
    <subfield code="t">References --</subfield>
    <subfield code="g">Chapter 15</subfield>
    <subfield code="t">Evolving deep neural networks /</subfield>
    <subfield code="r">Risto Miikkulainen, Jason Liang, Elliot Meyerson, Aditya Rawal, Daniel Fink, Olivier Francon, Bala Raju, Hormoz Shahrzad, Arshak Navruzyan, Nigel Duffy and Babak Hodjat --</subfield>
    <subfield code="t">Introduction --</subfield>
    <subfield code="t">Background and related work --</subfield>
    <subfield code="t">Evolution of deep learning architectures --</subfield>
    <subfield code="t">Evolution of LSTM architectures --</subfield>
    <subfield code="t">Evolution of LSTM architectures --</subfield>
    <subfield code="t">Application case study: Image captioning for the blind --</subfield>
    <subfield code="t">Discussion and future work --</subfield>
    <subfield code="t">Conclusion --</subfield>
    <subfield code="t">References.</subfield>
  </datafield>
  <datafield tag="520" ind1=" " ind2=" ">
    <subfield code="a">Artificial Intelligence in the Age of Neural Networks and Brain Computing is the comprehensive guide for neural network advances in artificial intelligence (AI). It covers the major, basic ideas of "brain-like computing" behind AI, providing a framework to deep learning and launching novel and intriguing paradigms as possible future alternatives. Following an introduction, initial chapters discuss revolutionary new brain-mind approaches alternative to deep learning, the brain-mind-computer trichotomy, pitfalls and opportunities in the development of AI systems. Subsequent chapters explore a deep learning approach to electrophysiological multivariate time series analysis, multiview learning in biomedical applications, and the evolution of deep neural networks. This is an essential companion to researchers, engineers, advance AI practitioners, postdoctoral students in computational intelligence and neural engineering, and the technically oriented public. It provides access to the latest up-to-date knowledge from top, global experts working on theory and cutting-edge applications in signal processing, speech recognition, games, adaptive control, and decision-making. --</subfield>
    <subfield code="c">From back cover.</subfield>
  </datafield>
  <datafield tag="650" ind1=" " ind2="0">
    <subfield code="a">Artificial intelligence.</subfield>
  </datafield>
  <datafield tag="650" ind1=" " ind2="0">
    <subfield code="a">Neural networks (Computer science)</subfield>
  </datafield>
  <datafield tag="650" ind1=" " ind2="0">
    <subfield code="a">Brain-computer interfaces.</subfield>
  </datafield>
  <datafield tag="650" ind1=" " ind2="7">
    <subfield code="a">Artificial intelligence.</subfield>
    <subfield code="2">fast</subfield>
    <subfield code="0">(OCoLC)fst00817247</subfield>
  </datafield>
  <datafield tag="650" ind1=" " ind2="7">
    <subfield code="a">Brain-computer interfaces.</subfield>
    <subfield code="2">fast</subfield>
    <subfield code="0">(OCoLC)fst01742078</subfield>
  </datafield>
  <datafield tag="650" ind1=" " ind2="7">
    <subfield code="a">Neural networks (Computer science)</subfield>
    <subfield code="2">fast</subfield>
    <subfield code="0">(OCoLC)fst01036260</subfield>
  </datafield>
  <datafield tag="700" ind1="1" ind2=" ">
    <subfield code="a">Kozma, Robert,</subfield>
    <subfield code="e">editor.</subfield>
  </datafield>
  <datafield tag="700" ind1="1" ind2=" ">
    <subfield code="a">Alippi, Cesare,</subfield>
    <subfield code="e">editor.</subfield>
  </datafield>
  <datafield tag="700" ind1="1" ind2=" ">
    <subfield code="a">Choe, Yoonsuck,</subfield>
    <subfield code="e">editor.</subfield>
  </datafield>
  <datafield tag="700" ind1="1" ind2=" ">
    <subfield code="a">Morabito, F. C.</subfield>
    <subfield code="q">(Francesco Carlo),</subfield>
    <subfield code="e">editor.</subfield>
  </datafield>
</record></zs:recordData><zs:recordPosition>9</zs:recordPosition></zs:record>