<zs:record><zs:recordSchema>marcxml</zs:recordSchema><zs:recordPacking>xml</zs:recordPacking><zs:recordData><record xmlns="http://www.loc.gov/MARC21/slim">
  <leader>05102cam a22005655i 4500</leader>
  <controlfield tag="001">21663095</controlfield>
  <controlfield tag="005">20200924132428.0</controlfield>
  <controlfield tag="006">m    |o  d |      </controlfield>
  <controlfield tag="007">cr |||||||||||</controlfield>
  <controlfield tag="008">151029s2016    gw |||| o    |||| 0|eng  </controlfield>
  <datafield tag="906" ind1=" " ind2=" ">
    <subfield code="a">0</subfield>
    <subfield code="b">ibc</subfield>
    <subfield code="c">origres</subfield>
    <subfield code="d">u</subfield>
    <subfield code="e">ncip</subfield>
    <subfield code="f">20</subfield>
    <subfield code="g">y-gencatlg</subfield>
  </datafield>
  <datafield tag="925" ind1="0" ind2=" ">
    <subfield code="a">acquire</subfield>
    <subfield code="e">pcnspringer</subfield>
    <subfield code="x">policy default</subfield>
  </datafield>
  <datafield tag="035" ind1=" " ind2=" ">
    <subfield code="a">(DE-He213)978-3-319-22422-0</subfield>
  </datafield>
  <datafield tag="010" ind1=" " ind2=" ">
    <subfield code="a">  2019739662</subfield>
  </datafield>
  <datafield tag="020" ind1=" " ind2=" ">
    <subfield code="a">9783319224220</subfield>
  </datafield>
  <datafield tag="024" ind1="7" ind2=" ">
    <subfield code="a">10.1007/978-3-319-22422-0</subfield>
    <subfield code="2">doi</subfield>
  </datafield>
  <datafield tag="040" ind1=" " ind2=" ">
    <subfield code="a">DLC</subfield>
    <subfield code="b">eng</subfield>
    <subfield code="e">pn</subfield>
    <subfield code="e">rda</subfield>
    <subfield code="c">DLC</subfield>
  </datafield>
  <datafield tag="097" ind1="0" ind2="0">
    <subfield code="a">LC8-6691</subfield>
  </datafield>
  <datafield tag="072" ind1=" " ind2="7">
    <subfield code="a">CJ</subfield>
    <subfield code="2">bicssc</subfield>
  </datafield>
  <datafield tag="072" ind1=" " ind2="7">
    <subfield code="a">EDU018000</subfield>
    <subfield code="2">bisacsh</subfield>
  </datafield>
  <datafield tag="072" ind1=" " ind2="7">
    <subfield code="a">CJ</subfield>
    <subfield code="2">thema</subfield>
  </datafield>
  <datafield tag="082" ind1="0" ind2="4">
    <subfield code="a">407.1</subfield>
    <subfield code="2">23</subfield>
  </datafield>
  <datafield tag="245" ind1="0" ind2="0">
    <subfield code="a">Assessing Young Learners of English: Global and Local Perspectives /</subfield>
    <subfield code="c">edited by Marianne Nikolov.</subfield>
  </datafield>
  <datafield tag="250" ind1=" " ind2=" ">
    <subfield code="a">1st ed. 2016.</subfield>
  </datafield>
  <datafield tag="264" ind1=" " ind2="1">
    <subfield code="a">Cham :</subfield>
    <subfield code="b">Springer International Publishing :</subfield>
    <subfield code="b">Imprint: Springer,</subfield>
    <subfield code="c">2016.</subfield>
  </datafield>
  <datafield tag="300" ind1=" " ind2=" ">
    <subfield code="a">1 online resource (XII, 338 pages 82 illustrations, 34 illustrations in color.)</subfield>
  </datafield>
  <datafield tag="336" ind1=" " ind2=" ">
    <subfield code="a">text</subfield>
    <subfield code="b">txt</subfield>
    <subfield code="2">rdacontent</subfield>
  </datafield>
  <datafield tag="337" ind1=" " ind2=" ">
    <subfield code="a">computer</subfield>
    <subfield code="b">c</subfield>
    <subfield code="2">rdamedia</subfield>
  </datafield>
  <datafield tag="338" ind1=" " ind2=" ">
    <subfield code="a">online resource</subfield>
    <subfield code="b">cr</subfield>
    <subfield code="2">rdacarrier</subfield>
  </datafield>
  <datafield tag="347" ind1=" " ind2=" ">
    <subfield code="a">text file</subfield>
    <subfield code="b">PDF</subfield>
    <subfield code="2">rda</subfield>
  </datafield>
  <datafield tag="490" ind1="1" ind2=" ">
    <subfield code="a">Educational Linguistics,</subfield>
    <subfield code="x">1572-0292 ;</subfield>
    <subfield code="v">25</subfield>
  </datafield>
  <datafield tag="505" ind1="0" ind2=" ">
    <subfield code="a">Trends, Issues and Challenges in Assessing Young Language Learners by Marianne Nikolov --  Do Developments in Assessment Represent the 'Coming of Age' of Young Learners English Language Teaching Initiatives? The International Picture by Shelagh Rixon -- A CEFR-Based Inventory of YL Descriptors: Principles and Challenges by Veronica Benigno and John de Jong -- A Framework for Young EFL Learners' Diagnostic Assessment: Can Do Statements and Task Types by Marianne Nikolov -- Examining Content Representativeness of a Young Learner Language Assessment: EFL Teachers' Perspectives by Ching-Ni Hsieh -- Developing and Piloting Proficiency Tests for Polish Young Learners by Magdalena Szpotowicz and Dorota E. Campfield -- The Development and Validation of a Computer-Based Test of English for Young Learners: Cambridge English Young Learners by Szilvia Papp and Agnieszka Walczak -- Learning EFL from Year 1 or Year 3? A Comparative Study on Children's EFL Listening and Reading Comprehension at the End of Primary Education by Eva Wilden and Raphaela Porsch -- A Longitudinal Study of a School's Assessment Project in Chongqing, China by Jing Peng and Shicheng Zheng -- Individual Differences and Young Learners' Performance on L2 Speaking Tests by Jelena Mihaljevic&#x301; Djigunovic&#x301; -- The Role of Individual Differences in the Development of Listening Comprehension in the Early Stages of Language Learning by E&#x301;va Bacsa and Csaba Csi&#x301;kos -- Self-Assessment of and for Young Learners' Foreign Language Learning by Yuko Goto Butler -- The Relationships between Peer- and Self-Assessment and Teacher Assessment of Young EFL Learners' Oral Presentations by Yu-ju Hung, Beth Lewis Samuelson, and Shu-cheng Chen.</subfield>
  </datafield>
  <datafield tag="520" ind1=" " ind2=" ">
    <subfield code="a">This volume documents international, national, and small-scale testing and assessment projects of English language education for young learners, across a range of educational contexts. It covers three main areas: age-appropriate 'can do statements' and task types for teaching and testing learners between the ages of 6 to 13;  innovative approaches to self-assessment, diagnostic testing, self- perception, and computer-based testing; and findings on how young learners perform on vocabulary, listening, speaking, pronunciation, and reading comprehension tests in European and Asian contexts. Early language learning has become a major trend in English language education around the globe. As a result of the spread of teaching English to a growing number of young children, assessment of and for learning have emerged as key issues. In line with this development, there is a clear and emerging need to make early language programs accountable and to assess both the progress children make over time and to quantify their achievement at various stages of development. This volume informs stakeholders about the realistic goals of early language learning, their efficiency, and how much progress children make over time.</subfield>
  </datafield>
  <datafield tag="588" ind1=" " ind2=" ">
    <subfield code="a">Description based on publisher-supplied MARC data.</subfield>
  </datafield>
  <datafield tag="650" ind1=" " ind2="0">
    <subfield code="a">Language and education.</subfield>
  </datafield>
  <datafield tag="650" ind1=" " ind2="0">
    <subfield code="a">Assessment.</subfield>
  </datafield>
  <datafield tag="650" ind1=" " ind2="0">
    <subfield code="a">Learning.</subfield>
  </datafield>
  <datafield tag="650" ind1=" " ind2="0">
    <subfield code="a">Instruction.</subfield>
  </datafield>
  <datafield tag="650" ind1="1" ind2="4">
    <subfield code="a">Language Education.</subfield>
    <subfield code="0">https://scigraph.springernature.com/ontologies/product-market-codes/O23000</subfield>
  </datafield>
  <datafield tag="650" ind1="2" ind2="4">
    <subfield code="a">Assessment, Testing and Evaluation.</subfield>
    <subfield code="0">https://scigraph.springernature.com/ontologies/product-market-codes/O33000</subfield>
  </datafield>
  <datafield tag="650" ind1="2" ind2="4">
    <subfield code="a">Learning &amp; Instruction.</subfield>
    <subfield code="0">https://scigraph.springernature.com/ontologies/product-market-codes/O22000</subfield>
  </datafield>
  <datafield tag="700" ind1="1" ind2=" ">
    <subfield code="a">Nikolov, Marianne.</subfield>
    <subfield code="e">editor.</subfield>
  </datafield>
  <datafield tag="776" ind1="0" ind2="8">
    <subfield code="i">Printed edition:</subfield>
    <subfield code="z">9783319224213</subfield>
  </datafield>
  <datafield tag="776" ind1="0" ind2="8">
    <subfield code="i">Printed edition:</subfield>
    <subfield code="z">9783319224237</subfield>
  </datafield>
  <datafield tag="776" ind1="0" ind2="8">
    <subfield code="i">Printed edition:</subfield>
    <subfield code="z">9783319361598</subfield>
  </datafield>
  <datafield tag="830" ind1=" " ind2="0">
    <subfield code="a">Educational Linguistics,</subfield>
    <subfield code="x">1572-0292 ;</subfield>
    <subfield code="v">25</subfield>
  </datafield>
  <datafield tag="952" ind1=" " ind2=" ">
    <subfield code="a">Education (SpringerNature-41171)</subfield>
  </datafield>
  <datafield tag="952" ind1=" " ind2=" ">
    <subfield code="a">Education (R0) (SpringerNature-43721)</subfield>
  </datafield>
  <datafield tag="985" ind1=" " ind2=" ">
    <subfield code="a">springerpcn</subfield>
  </datafield>
  <datafield tag="991" ind1=" " ind2=" ">
    <subfield code="a">s-Online</subfield>
    <subfield code="h">Electronic Resource</subfield>
  </datafield>
</record></zs:recordData><zs:recordPosition>10</zs:recordPosition></zs:record></zs:records><zs:nextRecordPosition>11</zs:nextRecordPosition><zs:echoedSearchRetrieveRequest><zs:version>1.2</zs:version><zs:query>samuelson</zs:query><zs:startRecord>1</zs:startRecord><zs:maximumRecords>10</zs:maximumRecords><zs:recordPacking>xml</zs:recordPacking><zs:recordSchema>marcxml</zs:recordSchema></zs:echoedSearchRetrieveRequest></zs:searchRetrieveResponse>

